@article{einstein,
    author = "Albert Einstein",
    title = "{Zur Elektrodynamik bewegter K{\"o}rper}. ({German})
    [{On} the electrodynamics of moving bodies]",
    journal = "Annalen der Physik",
    volume = "322",
    number = "10",
    pages = "891--921",
    year = "1905",
    DOI = "http://dx.doi.org/10.1002/andp.19053221004",
    keywords = "physics"
}

@book{rao,
    title = {The Finite Element Method in Engineering},
    author = {Singiresu S. Rao},
    isbn = {0750678283},
    year = {2004},
    publisher = {Elsevier}
}

@book{hutton,
    title = {Fundamentals of Finite Element Analysis},
    author = {David V. Hutton},
    isbn = {0072233411},
    year = {2004},
    publisher = {McGraw-Hill}
}

@book{griffiths,
    title = {Introduction to Quantum Mechanics},
    author = {David J. Griffiths},
    isbn = {0131244051},
    year = {1995},
    publisher = {Prentice Hall}
}

@book{griffiths2,
    title = {Introduction to Electrodynamics},
    author = {David J. Griffiths},
    isbn = {9781108420419},
    year = {2017},
    publisher = {Cambridge University Press}
}


@misc{PYGMSHdoc,
  title = {Pygmsh 5.0.1 documentation},
  howpublished = {\url{https://pypi.org/project/pygmsh/}},
  note = {Accessed: 2019-05-23}
}


@misc{GILdoc,
  title = {Python documentation, GlobalInterpreterLock},
  howpublished = {\url{https://wiki.python.org/moin/GlobalInterpreterLock}},
  note = {Accessed: 2019-05-19}
}